<record><leader>00000cas a22000007a 4500</leader><controlfield tag="001">11748009</controlfield><controlfield tag="008">850228d18331835mauwr ne      0    0eng d</controlfield><controlfield tag="009">3781</controlfield><datafield ind1=" " ind2=" " tag="010"><subfield code="a">sn 85033176 </subfield></datafield><datafield ind1=" " ind2=" " tag="040"><subfield code="a">NPU</subfield><subfield code="b">eng</subfield><subfield code="c">NPU</subfield><subfield code="d">DLC</subfield><subfield code="d">MGN</subfield><subfield code="d">DLC</subfield><subfield code="d">OCLCF</subfield></datafield><datafield ind1="1" ind2=" " tag="029"><subfield code="a">AU@</subfield><subfield code="b">000025835148</subfield></datafield><datafield ind1=" " ind2=" " tag="042"><subfield code="a">msc</subfield></datafield><datafield ind1=" " ind2=" " tag="043"><subfield code="a">n-us-ma</subfield></datafield><datafield ind1="0" ind2="0" tag="050"><subfield code="a">Newspaper</subfield></datafield><datafield ind1="0" ind2="0" tag="245"><subfield code="a">New-England telegraph.</subfield></datafield><datafield ind1="1" ind2="0" tag="246"><subfield code="a">New England telegraph</subfield></datafield><datafield ind1=" " ind2=" " tag="260"><subfield code="a">North Wrentham [i.e. Wrentham] Mass. :</subfield><subfield code="b">M. &amp; T. Thacher</subfield></datafield><datafield ind1=" " ind2=" " tag="300"><subfield code="a">v. ;</subfield><subfield code="c">55 cm.</subfield></datafield><datafield ind1=" " ind2=" " tag="310"><subfield code="a">Weekly</subfield></datafield><datafield ind1="0" ind2=" " tag="362"><subfield code="a">Vol. 3, no. 25 (June 26, 1833)-v. 4, no. 51 (Feb. 4, 1835) = whole no. 129-whole no. 207.</subfield></datafield><datafield ind1=" " ind2=" " tag="500"><subfield code="a">Editors: M. &amp; T. Thacher, June-Oct. 1833; M. Thacher, Nov. 1833-1835.</subfield></datafield><datafield ind1=" " ind2=" " tag="500"><subfield code="a">Published simultaneously at North Wrentham and Boston, Mass., May 7, 1834; at North Wrentham and Boston, Mass. and Providence, R. I., May 14, 1834-Feb. 4, 1835.</subfield></datafield><datafield ind1=" " ind2="0" tag="651"><subfield code="a">Wrentham (Mass)</subfield><subfield code="v">Newspapers.</subfield></datafield><datafield ind1=" " ind2="7" tag="655"><subfield code="a">Newspapers.</subfield><subfield code="2">fast</subfield><subfield code="0">(OCoLC)fst01423814</subfield></datafield><datafield ind1=" " ind2="7" tag="651"><subfield code="a">Massachusetts</subfield><subfield code="z">Wrentham.</subfield><subfield code="2">fast</subfield><subfield code="0">(OCoLC)fst01263123</subfield></datafield><datafield ind1=" " ind2=" " tag="752"><subfield code="a">United States</subfield><subfield code="b">Massachusetts</subfield><subfield code="c">Norfolk</subfield><subfield code="d">North Wrentham.</subfield></datafield><datafield ind1=" " ind2=" " tag="752"><subfield code="a">United States</subfield><subfield code="b">Massachusetts</subfield><subfield code="c">Norfolk</subfield><subfield code="d">Wrentham.</subfield></datafield><datafield ind1=" " ind2=" " tag="752"><subfield code="a">United States</subfield><subfield code="b">Massachusetts</subfield><subfield code="c">Suffolk</subfield><subfield code="d">Boston.</subfield></datafield><datafield ind1=" " ind2=" " tag="752"><subfield code="a">United States</subfield><subfield code="b">Rhode Island</subfield><subfield code="c">Providence</subfield><subfield code="d">Providence.</subfield></datafield><datafield ind1="0" ind2="0" tag="780"><subfield code="t">Boston telegraph (Boston, Mass. : 1831)</subfield><subfield code="w">(DLC)sn 86071109</subfield><subfield code="w">(OCoLC)13164749</subfield></datafield></record>